@misc{scenes,
   Author = {Pharr, Jakob, Humphreys},
   Year = {2016},
   Note = {https://pbrt.org/scenes-v3.html},
   Title = {Scenes for pbrt-v3}
}